<record><leader>00000cas a22000007a 4500</leader><controlfield tag="001">9908484</controlfield><controlfield tag="008">830914d18211uuunyuwr ne      0    0eng d</controlfield><datafield ind1=" " ind2=" " tag="010"><subfield code="a">sn 83031508 </subfield></datafield><datafield ind1=" " ind2=" " tag="040"><subfield code="a">NPU</subfield><subfield code="b">eng</subfield><subfield code="c">NPU</subfield><subfield code="d">NYS</subfield><subfield code="d">OCL</subfield><subfield code="d">OCLCQ</subfield><subfield code="d">OCLCF</subfield><subfield code="d">OCLCO</subfield></datafield><datafield ind1="1" ind2=" " tag="029"><subfield code="a">AU@</subfield><subfield code="b">000020127649</subfield></datafield><datafield ind1=" " ind2=" " tag="042"><subfield code="a">msc</subfield></datafield><datafield ind1=" " ind2=" " tag="043"><subfield code="a">n-us-ny</subfield></datafield><datafield ind1="0" ind2="0" tag="245"><subfield code="a">Ontario Republican.</subfield></datafield><datafield ind1=" " ind2=" " tag="260"><subfield code="a">Canandaigua, N.Y. :</subfield><subfield code="b">Thomas B. Barnum</subfield></datafield><datafield ind1=" " ind2=" " tag="300"><subfield code="a">v. ;</subfield><subfield code="c">52 cm.</subfield></datafield><datafield ind1=" " ind2=" " tag="310"><subfield code="a">Weekly</subfield></datafield><datafield ind1="1" ind2=" " tag="362"><subfield code="a">Began in 1821.</subfield><subfield code="z">Cf. Gregory, Amer. newspapers, 1937.</subfield></datafield><datafield ind1=" " ind2=" " tag="588"><subfield code="a">Description based on: Vol. 2, no. 33 (Oct. 1, 1822) = Whole no. 85.</subfield></datafield><datafield ind1=" " ind2="0" tag="651"><subfield code="a">Canandaigua (N.Y.)</subfield><subfield code="v">Newspapers.</subfield></datafield><datafield ind1=" " ind2="7" tag="655"><subfield code="a">Newspapers.</subfield><subfield code="2">fast</subfield><subfield code="0">(OCoLC)fst01423814</subfield></datafield><datafield ind1=" " ind2="7" tag="651"><subfield code="a">New York (State)</subfield><subfield code="z">Canandaigua.</subfield><subfield code="2">fast</subfield><subfield code="0">(OCoLC)fst01212782</subfield></datafield><datafield ind1=" " ind2=" " tag="752"><subfield code="a">United States</subfield><subfield code="b">New York</subfield><subfield code="c">Ontario</subfield><subfield code="d">Canandaigua.</subfield></datafield><datafield ind1="0" ind2="0" tag="780"><subfield code="t">Ontario Republican, and canal advocate</subfield><subfield code="w">(DLC)sn 88074894</subfield></datafield></record>